@article{alps-paper,
	Author = {B Bauer and {et al. (ALPS Collaboration)}},
	Date-Added = {2012-03-16 02:00:27 +0000},
	Date-Modified = {2014-04-11 07:54:57 +0000},
	Doi = {10.1088/1742-5468/2011/05/P05001},
	Url = {http://dx.doi.org/10.1088/1742-5468/2011/05/P05001},
	Journal = {J. Stat. Mech.},
	Number = {05},
	Pages = {P05001},
	Title = {{The ALPS project release 2.0: open source software for strongly correlated systems}},
	Volume = {2011},
	Year = {2011}}

@article{dolfi2014,
	Archiveprefix = {arxiv},
	Author = {Dolfi, M. and Bauer, B. and Keller, S. and at.},
	Eprint = {arXiv:1407.0872},
	Journal = {Preprint},
	Title = {Matrix Product State applications for the ALPS project},
	Year = {2014},
  Url = {http://arxiv.org/abs/1407.0872}}

  